<record><leader>00000cas a2200000 a 4500</leader><controlfield tag="001">34174764</controlfield><controlfield tag="008">960212d189519uufluwr ne      0    0eng c</controlfield><datafield ind1=" " ind2=" " tag="010"><subfield code="a">sn 95047473 </subfield></datafield><datafield ind1=" " ind2=" " tag="040"><subfield code="a">FUG</subfield><subfield code="b">eng</subfield><subfield code="c">FUG</subfield><subfield code="d">OCLCQ</subfield><subfield code="d">OCLCF</subfield><subfield code="d">OCLCO</subfield></datafield><datafield ind1=" " ind2=" " tag="012"><subfield code="i">9602</subfield></datafield><datafield ind1="1" ind2=" " tag="029"><subfield code="a">AU@</subfield><subfield code="b">000025894565</subfield></datafield><datafield ind1=" " ind2=" " tag="042"><subfield code="a">pcc</subfield></datafield><datafield ind1=" " ind2=" " tag="043"><subfield code="a">n-us-fl</subfield></datafield><datafield ind1="0" ind2=" " tag="130"><subfield code="a">Weekly tribune (Tampa, Fla.)</subfield></datafield><datafield ind1="1" ind2="4" tag="245"><subfield code="a">The weekly tribune.</subfield></datafield><datafield ind1=" " ind2=" " tag="260"><subfield code="a">Tampa, Fla. :</subfield><subfield code="b">Tampa Tribune Pub. Co.</subfield></datafield><datafield ind1=" " ind2=" " tag="300"><subfield code="a">v.</subfield></datafield><datafield ind1=" " ind2=" " tag="310"><subfield code="a">Weekly</subfield></datafield><datafield ind1="1" ind2=" " tag="362"><subfield code="a">Began in 1895.</subfield></datafield><datafield ind1=" " ind2=" " tag="500"><subfield code="a">W.F. Stovall, editor.</subfield></datafield><datafield ind1=" " ind2=" " tag="580"><subfield code="a">Daily eds.: Tampa morning tribune (Tampa, Fla. : 1895), 1895-1897; Morning tribune (Tampa, Fla. : 1897), 1897-1904; Tampa morning tribune (Tampa, Fla. : 1904), 1904-&lt;1910&gt;.</subfield></datafield><datafield ind1=" " ind2=" " tag="588"><subfield code="a">Description based on: Vol. 3, no. 27 (Sept. 19, 1895).</subfield></datafield><datafield ind1=" " ind2=" " tag="588"><subfield code="a">Latest issue consulted: Vol. 3, no. 45 (Dec. 26, 1895).</subfield></datafield><datafield ind1=" " ind2="0" tag="651"><subfield code="a">Tampa (Fla.)</subfield><subfield code="v">Newspapers.</subfield></datafield><datafield ind1=" " ind2="0" tag="651"><subfield code="a">Hillsborough County (Fla.)</subfield><subfield code="v">Newspapers.</subfield></datafield><datafield ind1=" " ind2="7" tag="655"><subfield code="a">Newspapers.</subfield><subfield code="2">fast</subfield><subfield code="0">(OCoLC)fst01423814</subfield></datafield><datafield ind1=" " ind2="7" tag="651"><subfield code="a">Florida</subfield><subfield code="z">Hillsborough County.</subfield><subfield code="2">fast</subfield><subfield code="0">(OCoLC)fst01210214</subfield></datafield><datafield ind1=" " ind2="7" tag="651"><subfield code="a">Florida</subfield><subfield code="z">Tampa.</subfield><subfield code="2">fast</subfield><subfield code="0">(OCoLC)fst01206282</subfield></datafield><datafield ind1=" " ind2=" " tag="752"><subfield code="a">United States</subfield><subfield code="b">Florida</subfield><subfield code="c">Hillsborough</subfield><subfield code="d">Tampa.</subfield></datafield><datafield ind1="1" ind2=" " tag="775"><subfield code="t">Tampa morning tribune (Tampa, Fla. : 1895)</subfield><subfield code="w">(DLC)sn 87062307</subfield><subfield code="w">(OCoLC)16350176</subfield></datafield><datafield ind1="1" ind2=" " tag="775"><subfield code="t">Morning tribune (Tampa, Fla. : 1897)</subfield><subfield code="w">(DLC)sn 86063020</subfield><subfield code="w">(OCoLC)13002139</subfield></datafield><datafield ind1="1" ind2=" " tag="775"><subfield code="t">Tampa morning tribune (Tampa, Fla. : 1904)</subfield><subfield code="w">(DLC)sn 95047477</subfield><subfield code="w">(OCoLC)34174769</subfield></datafield><datafield ind1="0" ind2="0" tag="780"><subfield code="t">Tampa tribune (Tampa, Fla. : 1894)</subfield><subfield code="w">(DLC)sn 95047472</subfield><subfield code="w">(OCoLC)34174763</subfield></datafield><datafield ind1=" " ind2=" " tag="850"><subfield code="a">FU</subfield></datafield></record>